<?xml version="1.0" encoding="UTF-8"?><collection xmlns="http://www.loc.gov/MARC21/slim"><record><leader>00506nam--2200193-i-4500</leader><controlfield tag="001">000023404</controlfield><controlfield tag="002">20161230</controlfield><controlfield tag="005">20161230201035</controlfield><controlfield tag="008">060222s1000------------r-----000-0-eng-d</controlfield><datafield ind1=" " ind2=" " tag="020"><subfield code="a">0127108505</subfield></datafield><datafield ind1=" " ind2=" " tag="040"><subfield code="a">IFIN-HH</subfield></datafield><datafield ind1=" " ind2=" " tag="080"><subfield code="a">539.173</subfield></datafield><datafield ind1="1" ind2=" " tag="100"><subfield code="a">Vandenbosch, Robert</subfield></datafield><datafield ind1="1" ind2="0" tag="245"><subfield code="a">Nuclear fission</subfield><subfield code="c">Robert vandenbosch, john r. huizenga</subfield></datafield><datafield ind1=" " ind2=" " tag="260"><subfield code="a">New York</subfield><subfield code="b">Academic Press</subfield><subfield code="c">1973</subfield></datafield><datafield ind1=" " ind2=" " tag="300"><subfield code="a">XII + 422 P</subfield></datafield><datafield ind1="1" ind2=" " tag="700"><subfield code="a">Huizenga, John R</subfield></datafield><datafield ind1=" " ind2=" " tag="852"><subfield code="a">41654</subfield><subfield code="c">539.17</subfield></datafield><datafield ind1=" " ind2=" " tag="CAT"><subfield code="a">Sys</subfield><subfield code="c">20120613</subfield><subfield code="h">100519</subfield></datafield></record></collection>